@article{mcaulay1986speech,
  title={Speech analysis/synthesis based on a sinusoidal representation},
  author={McAulay, Robert J and Quatieri, Thomas F},
  journal={Acoustics, Speech and Signal Processing, IEEE Transactions on},
  volume={34},
  number={4},
  pages={744--754},
  year={1986},
  publisher={IEEE}
}

@book{smith1987parshl,
  title={PARSHL: An analysis/synthesis program for non-harmonic sounds based on a sinusoidal representation},
  author={Smith, Julius Orion and Serra, Xavier},
  year={1987},
  publisher={CCRMA, Department of Music, Stanford University}
}

@inproceedings{jiang2007linear,
  title={A linear programming approach for multiple object tracking},
  author={Jiang, Hao and Fels, Sidney and Little, James J},
  booktitle={Computer Vision and Pattern Recognition, 2007. CVPR'07. IEEE Conference on},
  pages={1--8},
  year={2007},
}

@book{parker1988discrete,
  title={Discrete optimization},
  author={Parker, R Gary and Rardin, Ronald L},
  year={1988},
  publisher={Academic Press}
}

@inproceedings{karmarkar1984new,
  title={A new polynomial-time algorithm for linear programming},
  author={Karmarkar, Narendra},
  booktitle={Proceedings of the Sixteenth Annual ACM Symposium on Theory of Computing},
  pages={302--311},
  year={1984},
  organization={ACM}
}

@book{boyd2004convex,
  title={Convex optimization},
  author={Boyd, Stephen and Vandenberghe, Lieven},
  year={2004},
  publisher={Cambridge University Press}
}

@article{wolf1989finding,
  title={Finding the best set of {K} paths through a trellis with application to multitarget tracking},
  author={Wolf, Jack K and Viterbi, Audrey M and Dixon, Glenn S},
  journal={IEEE Transactions on Aerospace and Electronic Systems},
  volume={25},
  number={2},
  pages={287--296},
  year={1989},
  publisher={IEEE}
}

@article{rabiner1989tutorial,
  title={A tutorial on hidden Markov models and selected applications in speech recognition},
  author={Rabiner, Lawrence R},
  journal={Proceedings of the IEEE},
  volume={77},
  number={2},
  pages={257--286},
  year={1989},
  publisher={IEEE}
}

@article{forney1973viterbi,
  title={The {Viterbi} algorithm},
  author={Forney, G David},
  journal={Proceedings of the IEEE},
  volume={61},
  number={3},
  pages={268--278},
  year={1973},
  publisher={IEEE}
}

@inproceedings{depalle1993tracking,
  title={Tracking of partials for additive sound synthesis using hidden {Markov} models},
  author={Depalle, Philippe and Garcia, Guillermo and Rodet, Xavier},
  booktitle={Acoustics, Speech, and Signal Processing, 1993. ICASSP-93., 1993 IEEE International Conference on},
  volume={1},
  pages={225--228},
  year={1993},
  organization={IEEE}
}

@book{golub1996matrix,
  title={Matrix computations},
  author={Golub, Gene H and Van Loan, Charles F},
  edition={3rd},
  year={1996},
  publisher={The John Hopkins University Press}
}

@article{plumbley2010sparse,
  title={Sparse representations in audio and music: from coding to source separation},
  author={Plumbley, Mark D and Blumensath, Thomas and Daudet, Laurent and Gribonval, R{\'e}mi and Davies, Mike E},
  journal={Proceedings of the IEEE},
  volume={98},
  number={6},
  pages={995--1005},
  year={2010},
  publisher={IEEE}
}

@article{gribonval2003harmonic,
  title={Harmonic decomposition of audio signals with matching pursuit},
  author={Gribonval, R{\'e}mi and Bacry, Emmanuel},
  journal={IEEE Transactions on Signal Processing},
  volume={51},
  number={1},
  pages={101--111},
  year={2003},
  publisher={IEEE}
}

@inproceedings{lagrange2003enhanced,
  title={Enhanced partial tracking using linear prediction},
  author={Lagrange, Mathieu and Marchand, Sylvain and Raspaud, Martin and Rault, J-B},
  booktitle={Proceedings of the Digital Audio Effects (DAFx03) Conference},
  pages={141--146},
  year={2003}
}

@article{kereliuk2008improved,
  title={Improved hidden {Markov} model partial tracking through time-frequency analysis},
  author={Kereliuk, Corey and Depalle, Philippe},
  journal={Proceedings of the Digital Audio Effects (DAFx-08)},
  pages={1--4},
  year={2008}
}

@article{betser2009sinusoidal,
  title={Sinusoidal polynomial parameter estimation using the distribution derivative},
  author={Betser, Micha{\"e}l},
  journal={Signal Processing, IEEE Transactions on},
  volume={57},
  number={12},
  pages={4633--4645},
  year={2009},
  publisher={IEEE}
}

@article{nuttall1981some,
  title={Some windows with very good sidelobe behavior},
  author={Nuttall, Albert},
  journal={IEEE Transactions on Acoustics, Speech, and Signal Processing},
  volume={29},
  number={1},
  pages={84--91},
  year={1981},
  publisher={IEEE}
}
